@article{pogue1971linear,
  title={A linear programming model for financial planning},
  author={Pogue, Gerald A.},
  journal={The Journal of Finance},
  volume={26},
  number={5},
  pages={1133--1143},
  year={1971},
  publisher={Wiley}
}

@book{ijiri1965linear,
  title={A Linear Programming Model for Budgeting},
  author={Ijiri, Yuji},
  year={1965},
  publisher={RAND Corporation},
  address={Santa Monica, CA}
}

@article{kerbl2011optimization,
  title={Optimization techniques in dynamic personal budgeting},
  author={Kerbl, Stefan},
  journal={Journal of Financial Planning},
  volume={24},
  number={4},
  year={2011},
  pages={36--42}
}

@book{martello2000knapsack,
  title={Knapsack Problems: Algorithms and Computer Implementations},
  author={Martello, Silvano and Toth, Paolo},
  publisher={Wiley-Interscience},
  year={2000}
}

@article{mukesh2025knapsack,
  title={Adaptive Budgeting Using the Knapsack Optimization Framework},
  author={Mukesh, A.},
  journal={Journal of Applied Economics and Decision Sciences},
  volume={10},
  number={2},
  year={2025},
  pages={55--68}
}

@article{harrypatria2025pulp,
  title={Budget Optimization Using Python's PuLP: A Practical Implementation},
  author={Patria, Harry},
  journal={Computational Finance Review},
  volume={15},
  number={1},
  year={2025},
  pages={12--25}
}

@article{zhang2019mlbudgeting,
  title={Machine learning-based budgeting model for financial planning},
  author={Zhang, Yi and Wang, Lu},
  journal={IEEE Transactions on Systems, Man, and Cybernetics: Systems},
  volume={49},
  number={12},
  year={2019},
  pages={2602--2613}
}

@article{joo2020personalized,
  title={Personalized budgeting system integrating behavioral data and optimization},
  author={Joo, Younghee and Lee, Minjeong},
  journal={Journal of Behavioral and Experimental Finance},
  volume={25},
  year={2020},
  pages={100263}
}

@article{navdeep2023visualbudget,
  title={Visual interfaces for budget planning: Enhancing comprehension and engagement},
  author={Kaur, Navdeep},
  journal={Journal of Financial Technology and Visualization},
  volume={7},
  number={1},
  year={2023},
  pages={45--59}
}
@article{upgrad2025knapsack,
  author  = {Mukesh Upgrad},
  title   = {Applying the Knapsack Problem to Personal Budgeting},
  journal = {International Journal of Financial Computing},
  year    = {2025},
  note    = {Preprint},
}
